<record><leader>00000cas a22000007a 4500</leader><controlfield tag="001">17016486</controlfield><controlfield tag="008">871123d18911893aluwr ne      0    0eng d</controlfield><datafield ind1=" " ind2=" " tag="010"><subfield code="a">sn 87050375 </subfield></datafield><datafield ind1=" " ind2=" " tag="040"><subfield code="a">AAR</subfield><subfield code="b">eng</subfield><subfield code="c">AAR</subfield><subfield code="d">CPN</subfield><subfield code="d">OCLCQ</subfield></datafield><datafield ind1=" " ind2=" " tag="042"><subfield code="a">msc</subfield></datafield><datafield ind1="0" ind2="4" tag="245"><subfield code="a">The Pickens County news.</subfield></datafield><datafield ind1=" " ind2=" " tag="260"><subfield code="a">Carrollton, Ala. :</subfield><subfield code="b">[s.n.],</subfield><subfield code="c">1891-1893.</subfield></datafield><datafield ind1=" " ind2=" " tag="300"><subfield code="a">v.</subfield></datafield><datafield ind1=" " ind2=" " tag="310"><subfield code="a">Weekly</subfield></datafield><datafield ind1="0" ind2=" " tag="362"><subfield code="a">Vol. 1, no. 1 (Nov. 24, 1891)-v. 2, no. 18 (Mar. 21, 1893).</subfield></datafield><datafield ind1=" " ind2=" " tag="500"><subfield code="a">Editors: Byars Cole, Nov. 24, 1891-Nov. 22, 1892; Emmet R. Calhoun, Nov. 29, 1892-Mar. 21, 1893.</subfield></datafield><datafield ind1=" " ind2=" " tag="752"><subfield code="a">United States</subfield><subfield code="b">Alabama</subfield><subfield code="c">Pickens</subfield><subfield code="d">Carrollton.</subfield></datafield><datafield ind1="0" ind2="0" tag="785"><subfield code="t">Alabama alliance news</subfield><subfield code="w">(DLC)sn 87050376</subfield></datafield><datafield ind1="1" ind2=" " tag="029"><subfield code="a">AU@</subfield><subfield code="b">000025822997</subfield></datafield></record>